@article{perez2017video,
  title={Video pornography detection through deep learning techniques and motion information},
  author={Perez, Mauricio and Avila, Sandra and Moreira, Daniel and Moraes, Daniel and Testoni, Vanessa and Valle, Eduardo and Goldenstein, Siome and Rocha, Anderson},
  journal={Neurocomputing},
  volume={230},
  pages={279--293},
  year={2017},
  publisher={Elsevier}
}

@article{yang2015deep,
  title={Deep neural networks for sketch recognition},
  author={Yang, Yongxin and Hospedales, Timothy M},
  journal={arXiv preprint arXiv:1501.07873},
  volume={1},
  number={2},
  pages={3},
  year={2015}
}

@inproceedings{demarty2013mediaeval,
  title={The MediaEval 2013 affect task: violent scenes detection},
  author={Demarty, Claire-H{\'e}l{\`e}ne and Penet, C{\'e}dric and Schedl, Markus and Bogdan, Ionescu and Quang, Vu Lam and Jiang, Yu-Gang},
  booktitle={MediaEval 2013 Working Notes},
  pages={2},
  year={2013}
}

@misc{dimitrova2015system,
  title={System for parental control in video programs based on multimedia content information},
  author={Dimitrova, Nevenka and Jasinschi, Radu},
  year={2015},
  month=feb # "~3",
  publisher={Google Patents},
  note={US Patent 8,949,878}
}

@inproceedings{schedi2015vsd2014,
  title={VSD2014: a dataset for violent scenes detection in hollywood movies and web videos},
  author={Schedi, Markus and Sj{\"o}berg, Mats and Mironic{\u{a}}, Ionu{\c{t}} and Ionescu, Bogdan and Quang, Vu Lam and Jiang, Yu-Gang and Demarty, Claire-H{\'e}l{\`e}ne},
  booktitle={2015 13th International Workshop on Content-Based Multimedia Indexing (CBMI)},
  pages={1--6},
  year={2015},
  organization={IEEE}
}

@inproceedings{ali2017effect,
  title={The Effect of Normalization in Violence Video Classification Performance},
  author={Ali, Ashikin and Senan, Norhalina},
  booktitle={IOP Conference Series: Materials Science and Engineering},
  volume={226},
  number={1},
  pages={012082},
  year={2017},
  organization={IOP Publishing}
}

@inproceedings{ali2018violence,
  title={Violence Video Classification Performance Using Deep Neural Networks},
  author={Ali, Ashikin and Senan, Norhalina},
  booktitle={International Conference on Soft Computing and Data Mining},
  pages={225--233},
  year={2018},
  organization={Springer}
}

@article{mohammed2018crime,
  title={Crime prediction and mapping based on real time video analysis},
  author={Mohammed, Nurudeen and Beiji, Zou and Chengzhang, Zhu and Rongchang, Zhao},
  journal={Journal of Ambient Intelligence and Smart Environments},
  volume={10},
  number={2},
  pages={221--239},
  year={2018},
  publisher={IOS Press}
}

@article{xu2013survey,
  title={A survey on multi-view learning},
  author={Xu, Chang and Tao, Dacheng and Xu, Chao},
  journal={arXiv preprint arXiv:1304.5634},
  year={2013}
}

@article{zhao2017multi,
  title={Multi-view learning overview: Recent progress and new challenges},
  author={Zhao, Jing and Xie, Xijiong and Xu, Xin and Sun, Shiliang},
  journal={Information Fusion},
  volume={38},
  pages={43--54},
  year={2017},
  publisher={Elsevier}
}

@inproceedings{simonyan2014two,
  title={Two-stream convolutional networks for action recognition in videos},
  author={Simonyan, Karen and Zisserman, Andrew},
  booktitle={Advances in neural information processing systems},
  pages={568--576},
  year={2014}
}

@inproceedings{srivastava2015unsupervised,
  title={Unsupervised learning of video representations using lstms},
  author={Srivastava, Nitish and Mansimov, Elman and Salakhudinov, Ruslan},
  booktitle={International conference on machine learning},
  pages={843--852},
  year={2015}
}

@inproceedings{karpathy2014large,
  title={Large-scale video classification with convolutional neural networks},
  author={Karpathy, Andrej and Toderici, George and Shetty, Sanketh and Leung, Thomas and Sukthankar, Rahul and Fei-Fei, Li},
  booktitle={Proceedings of the IEEE conference on Computer Vision and Pattern Recognition},
  pages={1725--1732},
  year={2014}
}

@inproceedings{li2017leveraging,
  title={Leveraging weak semantic relevance for complex video event classification},
  author={Li, Chao and Cao, Jiewei and Huang, Zi and Zhu, Lei and Tao Shen, Heng},
  booktitle={Proceedings of the IEEE International Conference on Computer Vision},
  pages={3647--3656},
  year={2017}
}

@inproceedings{sachan2013sports,
  title={Sports video classification from multimodal information using deep neural networks},
  author={Sachan, Devendra Singh and Tekwani, Umesh and Sethi, Amit},
  booktitle={2013 AAAI Fall Symposium Series},
  year={2013}
}

@inproceedings{fan2018watching,
  title={Watching a Small Portion could be as Good as Watching All: Towards Efficient Video Classification.},
  author={Fan, Hehe and Xu, Zhongwen and Zhu, Linchao and Yan, Chenggang and Ge, Jianjun and Yang, Yi},
  booktitle={IJCAI},
  volume={2},
  number={5},
  pages={6},
  year={2018}
}

@misc{Danbooru2018,
  title={Danbooru2018},
  year = {2018},
  note = {\url{https://www.gwern.net/Danbooru2018}},
}

@misc{Safebooru,
  title={Safebooru},
  note = {\url{https://www.kaggle.com/phryxia/safebooru-2018}},
}

@misc{TaggedAnimeIllustration,
  title={Tagged Anime Illustration dataset},
  note = {\url{https://www.kaggle.com/mylesoneill/tagged-anime-illustrations}},
}

@misc{youtube8m,
title={youtube8m dataset},
  note = {\url{https://research.google.com/youtube8m/}},
}

@misc{UCF-101,
title={UCF-101 dataset},
  note = {\url{https://www.crcv.ucf.edu/research/data-sets/human-actions/ucf101/}},
}

@misc{kinetics,
title={kinetics dataset} ,
  note = {\url{https://deepmind.com/research/open-source/open-source-datasets/kinetics/}},
}

@misc{VSD2014,
title={VSD2014 dataset} ,
  year = {2014} ,
  note = {\url{https://www.technicolor.com/dream/research-innovation/violent-scenes-dataset}},
}

@misc{Pornography-800,
  note = {\url{https://sites.google.com/site/pornographydatabase/}},
}

@misc{Sexualitics,
title={Sexualitics dataset} ,
  year = {2014} ,
  note = {\url{http://sexualitics.github.io/}},
}

@phdthesis{tofa2017inappropriate,
  title={Inappropriate scene detection in a video stream},
  author={Tofa, Kamrun Nahar and Ahmed, Farhana and Shakil, Arif and others},
  year={2017},
  school={BRAC University}
}

@inproceedings{xu2015discriminative,
  title={A discriminative CNN video representation for event detection},
  author={Xu, Zhongwen and Yang, Yi and Hauptmann, Alex G},
  booktitle={Proceedings of the IEEE Conference on Computer Vision and Pattern Recognition},
  pages={1798--1807},
  year={2015}
}

@inproceedings{wang2013action,
  title={Action recognition with improved trajectories},
  author={Wang, Heng and Schmid, Cordelia},
  booktitle={Proceedings of the IEEE international conference on computer vision},
  pages={3551--3558},
  year={2013}
}

@inproceedings{collomosse2003video,
  title={Video Analysis for Cartoon-like Special Effects.},
  author={Collomosse, John P and Rowntree, David and Hall, Peter M},
  booktitle={BMVC},
  pages={1--10},
  year={2003}
}

@inproceedings{qi2000integrating,
  title={Integrating visual, audio and text analysis for news video},
  author={Qi, Wei and Gu, Lie and Jiang, Hao and Chen, Xiang-Rong and Zhang, Hong-Jiang},
  booktitle={Proceedings 2000 International Conference on Image Processing (Cat. No. 00CH37101)},
  volume={3},
  pages={520--523},
  year={2000},
  organization={IEEE}
}

@article{somandepalli2018unsupervised,
  title={Unsupervised Discovery of Character Dictionaries in Animation Movies},
  author={Somandepalli, Krishna and Kumar, Naveen and Guha, Tanaya and Narayanan, Shrikanth S},
  journal={IEEE Transactions on Multimedia},
  volume={20},
  number={3},
  pages={539--551},
  year={2018},
  publisher={IEEE}
}

@inproceedings{erhan2014scalable,
  title={Scalable object detection using deep neural networks},
  author={Erhan, Dumitru and Szegedy, Christian and Toshev, Alexander and Anguelov, Dragomir},
  booktitle={Proceedings of the IEEE conference on computer vision and pattern recognition},
  pages={2147--2154},
  year={2014}
}

@article{szegedy2014scalable,
  title={Scalable, high-quality object detection},
  author={Szegedy, Christian and Reed, Scott and Erhan, Dumitru and Anguelov, Dragomir and Ioffe, Sergey},
  journal={arXiv preprint arXiv:1412.1441},
  year={2014}
}
@article{valle2011content,
  title={Content-based filtering for video sharing social networks},
  author={Valle, Eduardo and de Avila, Sandra and Luz Jr, Antonio da and de Souza, Fillipe and Coelho, Marcelo and Ara{\'u}jo, Arnaldo},
  journal={arXiv preprint arXiv:1101.2427},
  year={2011}
}
@article{caetano2016mid,
  title={A mid-level video representation based on binary descriptors: A case study for pornography detection},
  author={Caetano, Carlos and Avila, Sandra and Schwartz, William Robson and Guimar{\~a}es, Silvio Jamil F and Ara{\'u}jo, Arnaldo de A},
  journal={Neurocomputing},
  volume={213},
  pages={102--114},
  year={2016},
  publisher={Elsevier}
}
@article{moreira2016pornography,
  title={Pornography classification: The hidden clues in video space--time},
  author={Moreira, Daniel and Avila, Sandra and Perez, Mauricio and Moraes, Daniel and Testoni, Vanessa and Valle, Eduardo and Goldenstein, Siome and Rocha, Anderson},
  journal={Forensic science international},
  volume={268},
  pages={46--61},
  year={2016},
  publisher={Elsevier}
}

@article{laptev2005space,
  title={On space-time interest points},
  author={Laptev, Ivan},
  journal={International journal of computer vision},
  volume={64},
  number={2-3},
  pages={107--123},
  year={2005},
  publisher={Springer}
}

@article{le2011learning,
  title={Learning hierarchical invariant spatio-temporal features for action recognition with independent subspace analysis},
  author={Le, Quoc V and Zou, Will and Yeung, Serena and Ng, Andrew Y},
  year={2011}
}

@phdthesis{torr1995motion,
  title={Motion segmentation and outlier detection},
  author={Torr, Philip Hilaire Sean},
  year={1995},
  school={University of Oxford England}
}

@inproceedings{harris1988stephens,
  title={Stephens. A combined corner and edge detector},
  author={Harris, Chris},
  booktitle={Alvey Vision Conference},
  pages={147--152},
  year={1988}
}

@inproceedings{collomosse2003cartoon,
  title={Cartoon-Style Rendering of Motion from Video.},
  author={Collomosse, John P and Hall, Peter M},
  booktitle={VVG},
  pages={117--124},
  year={2003}
}

@book{quadara2017effects,
  title={The effects of pornography on children and young people},
  author={Quadara, Antonia and El-Murr, Alissar and Latham, Joe},
  year={2017},
  publisher={Melbourne: Australian Institute of Family Studies}
}

@article{mosher1988pornography,
  title={Pornography defined: Sexual involvement theory, narrative context, and goodness-of-fit},
  author={Mosher, Donald L},
  journal={Journal of Psychology \& Human Sexuality},
  volume={1},
  number={1},
  pages={67--85},
  year={1988},
  publisher={Taylor \& Francis}
}

@article{short2012review,
  title={A review of Internet pornography use research: Methodology and content from the past 10 years},
  author={Short, Mary B and Black, Lora and Smith, Angela H and Wetterneck, Chad T and Wells, Daryl E},
  journal={Cyberpsychology, Behavior, and Social Networking},
  volume={15},
  number={1},
  pages={13--23},
  year={2012},
  publisher={Mary Ann Liebert, Inc. 140 Huguenot Street, 3rd Floor New Rochelle, NY 10801 USA}
}

@article{zheng2004blocking,
  title={Blocking adult images based on statistical skin detection},
  author={Zheng, Huicheng and Daoudi, Mohamed},
  journal={ELCVIA Electronic Letters on Computer Vision and Image Analysis},
  volume={4},
  number={2},
  pages={1--14},
  year={2004}
}

@article{jin2018pornographic,
  title={Pornographic Image Recognition via Weighted Multiple Instance Learning},
  author={Jin, Xin and Wang, Yuhui and Tan, Xiaoyang},
  journal={IEEE transactions on cybernetics},
  year={2018},
  publisher={IEEE}
}

@inproceedings{szegedy2015going,
  title={Going deeper with convolutions},
  author={Szegedy, Christian and Liu, Wei and Jia, Yangqing and Sermanet, Pierre and Reed, Scott and Anguelov, Dragomir and Erhan, Dumitru and Vanhoucke, Vincent and Rabinovich, Andrew},
  booktitle={Proceedings of the IEEE conference on computer vision and pattern recognition},
  pages={1--9},
  year={2015}
}

@book{tate1990child,
  title={Child pornography: An investigation},
  author={Tate, Tim},
  year={1990},
  publisher={Trafalgar Square}
}

@inproceedings{yiallourou2017detection,
  title={On the detection of images containing child-pornographic material},
  author={Yiallourou, Emilios and Demetriou, Rafaella and Lanitis, Andreas},
  booktitle={2017 24th International Conference on Telecommunications (ICT)},
  pages={1--5},
  year={2017},
  organization={IEEE}
}

@article{moustafa2015applying,
  title={Applying deep learning to classify pornographic images and videos},
  author={Moustafa, Mohamed},
  journal={arXiv preprint arXiv:1511.08899},
  year={2015}
}

@article{halder2020cnn,
  title={CNN-BiLSTM model for violence detection in smart surveillance},
  author={Halder, Rohit and Chatterjee, Rajdeep},
  journal={SN Computer science},
  volume={1},
  number={4},
  pages={1--9},
  year={2020},
  publisher={Springer}
}

@article{sharma2021fully,
  title={A fully integrated violence detection system using CNN and LSTM.},
  author={Sharma, Sarthak and Sudharsan, B and Naraharisetti, Saamaja and Trehan, Vimarsh and Jayavel, Kayalvizhi},
  journal={International Journal of Electrical \& Computer Engineering (2088-8708)},
  volume={11},
  number={4},
  year={2021}
}


@inproceedings{giannakopoulos2006violence,
  title={Violence content classification using audio features},
  author={Giannakopoulos, Theodoros and Kosmopoulos, Dimitrios and Aristidou, Andreas and Theodoridis, Sergios},
  booktitle={Hellenic Conference on Artificial Intelligence},
  pages={502--507},
  year={2006},
  organization={Springer}
}

@inproceedings{das2019violence,
  title={Violence Detection from Videos using HOG Features},
  author={Das, Sunanda and Sarker, Amlan and Mahmud, Tareq},
  booktitle={2019 4th International Conference on Electrical Information and Communication Technology (EICT)},
  pages={1--5},
  year={2019},
  organization={IEEE}
}

@article{sakthivinayagam2019violence,
  title={Violence Detection System using Convolution Neural Network},
  author={Sakthivinayagam, G and Easawarakumar, R and Arunachalam, A and Pandi, M},
  journal={SSRG Int. J. Electron. Commun. Eng.},
  volume={6},
  pages={6--9},
  year={2019}
}

@inproceedings{abdali2019robust,
  title={Robust real-time violence detection in video using cnn and lstm},
  author={Abdali, Al-Maamoon R and Al-Tuma, Rana F},
  booktitle={2019 2nd Scientific Conference of Computer Sciences (SCCS)},
  pages={104--108},
  year={2019},
  organization={IEEE}
}

@article{simonyan2014very,
  title={Very deep convolutional networks for large-scale image recognition},
  author={Simonyan, Karen and Zisserman, Andrew},
  journal={arXiv preprint arXiv:1409.1556},
  year={2014}
}

@inproceedings{xu2019localization,
  title={Localization guided fight action detection in surveillance videos},
  author={Xu, Qichao and See, John and Lin, Weiyao},
  booktitle={2019 IEEE International Conference on Multimedia and Expo (ICME)},
  pages={568--573},
  year={2019},
  organization={IEEE}
}

@inproceedings{ilg2017flownet,
  title={Flownet 2.0: Evolution of optical flow estimation with deep networks},
  author={Ilg, Eddy and Mayer, Nikolaus and Saikia, Tonmoy and Keuper, Margret and Dosovitskiy, Alexey and Brox, Thomas},
  booktitle={Proceedings of the IEEE conference on computer vision and pattern recognition},
  pages={2462--2470},
  year={2017}
}

@inproceedings{tran2015learning,
  title={Learning spatiotemporal features with 3d convolutional networks},
  author={Tran, Du and Bourdev, Lubomir and Fergus, Rob and Torresani, Lorenzo and Paluri, Manohar},
  booktitle={Proceedings of the IEEE international conference on computer vision},
  pages={4489--4497},
  year={2015}
}

@article{song2019novel,
  title={A novel violent video detection scheme based on modified 3D convolutional neural networks},
  author={Song, Wei and Zhang, Dongliang and Zhao, Xiaobing and Yu, Jing and Zheng, Rui and Wang, Antai},
  journal={IEEE Access},
  volume={7},
  pages={39172--39179},
  year={2019},
  publisher={IEEE}
}

@article{kecceli2017violent,
  title={Violent activity detection with transfer learning method},
  author={Ke{\c{c}}eli, AS and Kaya, AYDIN},
  journal={Electronics Letters},
  volume={53},
  number={15},
  pages={1047--1048},
  year={2017},
  publisher={IET}
}

@inproceedings{chollet2017xception,
  title={Xception: Deep learning with depthwise separable convolutions},
  author={Chollet, Fran{\c{c}}ois},
  booktitle={Proceedings of the IEEE conference on computer vision and pattern recognition},
  pages={1251--1258},
  year={2017}
}

@article{krizhevsky2012imagenet,
  title={Imagenet classification with deep convolutional neural networks},
  author={Krizhevsky, Alex and Sutskever, Ilya and Hinton, Geoffrey E},
  journal={Advances in neural information processing systems},
  volume={25},
  pages={1097--1105},
  year={2012}
}